@string{FOCS        = {IEEE Foundations of Computer Science}}
@string{STOC        = {ACM Symposium on Theory of Computing}}
@string{ipl         = "Information Processing Letters"}
@string{ic          = "Information and Control"}
@string{icomp       = "Information and Computation"}
@string{jcss        = "Journal of Computer and System Sciences"}
@string{jacm        = "Journal of the ACM"}
@string{tcs         = "Theoretical Computer Science"}
@string{comtheory   = "Journal of Combinatrical Theory"}
@string{combin      = "Combinatorica"}
@string{complexity  = "Computational Complexity"}
@string{eccc        = "Electronic Colloquium on Computational Complexity"}


@string{focs77     = "Proc. 18th IEEE Symp. on Foundations of Computer
                   Science"}
@string{focs78     = "Proc. 19th IEEE Symp. on Foundations of Computer
                   Science"}
@string{focs79     = "Proc. 20th IEEE Symp. on Foundations of Computer
                   Science"}
@string{focs80     = "Proc. 21st IEEE Symp. on Foundations of Computer
                   Science"}
@string{focs81     = "Proc. 22nd IEEE Symp. on Foundations of Computer
                   Science"}
@string{focs82     = "Proc. 23rd IEEE Symp. on Foundations of Computer
                   Science"}
@string{focs83     = "Proc. 24th IEEE Symp. on Foundations of Computer
                   Science"}
@string{focs84     = "Proc. 25th IEEE Symp. on Foundations of Computer
                   Science"}
@string{focs85     = "Proc. 26th IEEE Symp. on Foundations of Computer
                   Science"}
@string{focs86     = "Proc. 27th IEEE Symp. on Foundations of Computer
                   Science"}
@string{focs87     = "Proc. 28th IEEE Symp. on Foundations of Computer
                   Science"}
@string{focs88     = "Proc. 29th IEEE Symp. on Foundations of Computer
                   Science"}
@string{focs89     = "Proc. 30th IEEE Symp. on Foundations of Computer
                   Science"}
@string{focs90     = "Proc. 31st IEEE Symp. on Foundations of Computer
                   Science"}
@string{focs91     = "Proc. 32nd IEEE Symp. on Foundations of Computer
                   Science"}
@string{focs92     = "Proc. 33rd IEEE Symp. on Foundations of Computer
                   Science"}
@string{focs93     = "Proc. 34th IEEE Symp. on Foundations of Computer
                   Science"}
@string{focs94     = "Proc. 35th IEEE Symp. on Foundations of Computer
                   Science"}
@string{focs95     = "Proc. 36th IEEE Symp. on Foundations of Computer
                   Science"}
@string{focs96     = "Proc. 37th IEEE Symp. on Foundations of Computer
                   Science"}
@string{focs97 = "Proc. 38th IEEE Symp. on Foundations of Computer
                   Science"}
@string{focs98 = "Proc. 39th IEEE Symp. on Foundations of Computer
                   Science"}
@string{focs99 = "Proc. 40th IEEE Symp. on Foundations of Computer
                   Science"}
@string{focs00 = "Proc. 41st IEEE Symp. on Foundations of Computer
                   Science"}
@string{focs01 = "Proc. 42nd IEEE Symp. on Foundations of Computer
                   Science"}
@string{focs02 = "Proc. 43rd IEEE Symp. on Foundations of Computer
                   Science"}
@string{focs03 = "Proc. 44th IEEE Symp. on Foundations of Computer
                   Science"}
@string{focs04 = "Proc. 45th IEEE Symp. on Foundations of Computer
                   Science"}
@string{focs05 = "Proc. 46th IEEE Symp. on Foundations of Computer
                   Science"}
@string{focs06 = "Proc. 47th IEEE Symp. on Foundations of Computer
                   Science"}
@string{focs07 = "Proc. 48th IEEE Symp. on Foundations of Computer
                   Science"}
@string{focs08 = "Proc. 49th IEEE Symp. on Foundations of Computer
                   Science"}
@string{focs09 = "Proc. 50th IEEE Symp. on Foundations of Computer
                   Science"}
@string{focs10 = "Proc. 51st IEEE Symp. on Foundations of Computer
                   Science"}

@string{stoc71 = "Proc. 3rd ACM Symp. on Theory of Computing"}
@string{stoc72 = "Proc. 4th ACM Symp. on Theory of Computing"}
@string{stoc73 = "Proc. 5th ACM Symp. on Theory of Computing"}
@string{stoc74 = "Proc. 6th ACM Symp. on Theory of Computing"}
@string{stoc75 = "Proc. 7th ACM Symp. on Theory of Computing"}
@string{stoc76 = "Proc. 8th ACM Symp. on Theory of Computing"}
@string{stoc77 = "Proc. 9th ACM Symp. on Theory of Computing"}
@string{stoc78 = "Proc. 10th ACM Symp. on Theory of Computing"}
@string{stoc79 = "Proc. 11th ACM Symp. on Theory of Computing"}
@string{stoc80 = "Proc. 12th ACM Symp. on Theory of Computing"}
@string{stoc81 = "Proc. 13th ACM Symp. on Theory of Computing"}
@string{stoc82 = "Proc. 14th ACM Symp. on Theory of Computing"}
@string{stoc83 = "Proc. 15th ACM Symp. on Theory of Computing"}
@string{stoc84 = "Proc. 16th ACM Symp. on Theory of Computing"}
@string{stoc85 = "Proc. 17th ACM Symp. on Theory of Computing"}
@string{stoc86 = "Proc. 18th ACM Symp. on Theory of Computing"}
@string{stoc87 = "Proc. 19th ACM Symp. on Theory of Computing"}
@string{stoc88 = "Proc. 20th ACM Symp. on Theory of Computing"}
@string{stoc89 = "Proc. 21st ACM Symp. on Theory of Computing"}
@string{stoc90 = "Proc. 22nd ACM Symp. on Theory of Computing"}
@string{stoc91 = "Proc. 23rd ACM Symp. on Theory of Computing"}
@string{stoc92 = "Proc. 24th ACM Symp. on Theory of Computing"}
@string{stoc93 = "Proc. 25th ACM Symp. on Theory of Computing"}
@string{stoc94 = "Proc. 26th ACM Symp. on Theory of Computing"}
@string{stoc95 = "Proc. 27th ACM Symp. on Theory of Computing"}
@string{stoc96 = "Proc. 28th ACM Symp. on Theory of Computing"}
@string{stoc97 = "Proc. 29th ACM Symp. on Theory of Computing"}
@string{stoc98 = "Proc. 30th ACM Symp. on Theory of Computing"}
@string{stoc99 = "Proc. 31st ACM Symp. on Theory of Computing"}
@string{stoc00 = "Proc. 32nd ACM Symp. on Theory of Computing"}
@string{stoc01 = "Proc. 33rd ACM Symp. on Theory of Computing"}
@string{stoc02 = "Proc. 34th ACM Symp. on Theory of Computing"}
@string{stoc03 = "Proc. 35th ACM Symp. on Theory of Computing"}
@string{stoc04 = "Proc. 36th ACM Symp. on Theory of Computing"}
@string{stoc05 = "Proc. 37th ACM Symp. on Theory of Computing"}
@string{stoc06 = "Proc. 38th ACM Symp. on Theory of Computing"}
@string{stoc07 = "Proc. 39th ACM Symp. on Theory of Computing"}
@string{stoc08 = "Proc. 40th ACM Symp. on Theory of Computing"}
@string{stoc09 = "Proc. 41st ACM Symp. on Theory of Computing"}
@string{stoc10 = "Proc. 42nd ACM Symp. on Theory of Computing"}
@string{stoc11 = "Proc. 43rd ACM Symp. on Theory of Computing"}

@string{icalp06 = "Proc. Automata, Languages and Programming, 33rd International Colloquium"}
@string{icalp07 = "Proc. Automata, Languages and Programming, 34th International Colloquium"}
@string{icalp08 = "Proc. Automata, Languages and Programming, 35th International Colloquium"}

@article{BHKKMP16,
  author    = {Boaz Barak and
               Samuel B. Hopkins and
               Jonathan A. Kelner and
               Pravesh Kothari and
               Ankur Moitra and
               Aaron Potechin},
  title     = {A Nearly Tight Sum-of-Squares Lower Bound for the Planted Clique Problem},
  journal   = {CoRR},
  volume    = {abs/1604.03084},
  year      = {2016},
  url       = {http://arxiv.org/abs/1604.03084},
  timestamp = {Mon, 02 May 2016 18:22:52 +0200},
  biburl    = {http://dblp.uni-trier.de/rec/bib/journals/corr/BarakHKKMP16},
  bibsource = {dblp computer science bibliography, http://dblp.org}
}

@inproceedings{Sch08,
 author = {Schoenebeck, Grant},
 title = {Linear Level Lasserre Lower Bounds for Certain k-CSPs},
 booktitle = {Proceedings of the 2008 49th Annual IEEE Symposium on Foundations of Computer Science},
 series = {FOCS '08},
 year = {2008},
 isbn = {978-0-7695-3436-7},
 pages = {593--602},
 numpages = {10},
 url = {http://dx.doi.org/10.1109/FOCS.2008.74},
 doi = {10.1109/FOCS.2008.74},
 acmid = {1470608},
 publisher = {IEEE Computer Society},
 address = {Washington, DC, USA},
 keywords = {Lasserre, semidefinite program hierarchies},
} 

@Article{Gri01,
  author="Grigoriev, Dima",
  title="Complexity of Positivstellensatz proofs for the knapsack",
  journal="computational complexity",
  year="2001",
  volume="10",
  number="2",
  pages="139--154",
  issn="1420-8954",
  doi="10.1007/s00037-001-8192-0",
  url="http://dx.doi.org/10.1007/s00037-001-8192-0"
}

@article{AKS98,
  author    = {Noga Alon and
               Michael Krivelevich and
               Benny Sudakov},
  title     = {Finding a large hidden clique in a random graph},
  journal   = {Random Struct. Algorithms},
  volume    = {13},
  number    = {3-4},
  pages     = {457--466},
  year      = {1998},
  url       = {http://onlinelibrary.wiley.com/doi/10.1002/(SICI)1098-2418(199810/12)13:3/4<457::AID-RSA14>3.0.CO;2-W/abstract},
  timestamp = {Sat, 14 Apr 2012 16:35:22 +0200},
  biburl    = {http://dblp.uni-trier.de/rec/bib/journals/rsa/AlonKS98},
  bibsource = {dblp computer science bibliography, http://dblp.org}
}

@article{DM15,
  title={Improved sum-of-squares lower bounds for hidden clique and hidden submatrix problems},
  author={Deshpande, Yash and Montanari, Andrea},
  journal={CoRR, abs/1502.06590},
  year={2015}
}
