@article{alon03,
  title={Problems and results in extremal combinatorics, Part I},
  author={Alon, Noga},
  journal={Discrete Math},
  volume={273},
  pages={31--53},
  year={2003},
  url={http://www.tau.ac.il/~nogaa/PDFS/extremal1.pdf}
}

@article{alon92,
  title={Simple Constructions of Almost k-wise Independent Random Variables},
  author={Alon, Noga and Goldreich, Oded and H{\aa}stad, Johan and Peralta, Ren{\'e}},
  journal={Random Structures \& Algorithms},
  volume={3},
  number={3},
  pages={289--304},
  year={1992},
  publisher={Wiley Online Library},
  url={http://www.tau.ac.il/~nogaa/PDFS/aghp4.pdf}
}

@article{NN,
  title={Small-bias probability spaces: Efficient constructions and applications},
  author={Naor, Joseph and Naor, Moni},
  journal={SIAM journal on computing},
  volume={22},
  number={4},
  pages={838--856},
  year={1993},
  publisher={SIAM},
  url={http://www.wisdom.weizmann.ac.il/~naor/PAPERS/bias.pdf}
}

@article{umesh_notes,
  title={k-wise Independence and epsilon-biased k-wise Indepedence},
  author={Vazirani, Umesh},
  year={1999},
  institution={UC Berkeley},
  url={https://people.eecs.berkeley.edu/~vazirani/s99cs294/notes/lec4.pdf}
}
