@inproceedings{learning,
  title={Learning Algorithms from Natural Proofs},
  author={Carmosino, Marco L and Impagliazzo, Russell and Kabanets, Valentine and Kolokolova, Antonina},
  booktitle={LIPIcs-Leibniz International Proceedings in Informatics},
  volume={50},
  year={2016},
  organization={Schloss Dagstuhl-Leibniz-Zentrum fuer Informatik},
  url={http://drops.dagstuhl.de/opus/volltexte/2016/5855/pdf/34.pdf}
}

@article{IJKW,
  title={Uniform direct product theorems: simplified, optimized, and derandomized},
  author={Impagliazzo, Russell and Jaiswal, Ragesh and Kabanets, Valentine and Wigderson, Avi},
  journal={SIAM Journal on Computing},
  volume={39},
  number={4},
  pages={1637--1665},
  year={2010},
  publisher={SIAM},
  url={http://www.cs.columbia.edu/~rjaiswal/IJKW-Full.pdf}
}

@incollection{yao,
  title={On Yao's XOR-lemma},
  author={Goldreich, Oded and Nisan, Noam and Wigderson, Avi},
  booktitle={Studies in Complexity and Cryptography. Miscellanea on the Interplay between Randomness and Computation},
  pages={273--301},
  year={2011},
  publisher={Springer},
  url={http://www.wisdom.weizmann.ac.il/~oded/COL/yao.pdf}
}
